<?xml version="1.0" encoding="UTF-8" ?>
<collection xmlns:xsi="http://www.w3.org/2001/XMLSchema-instance"
    xsi:schemaLocation="http://www.loc.gov/MARC21/slim
        http://www.loc.gov/standards/marcxml/schema/MARC21slim.xsd"
    xmlns="http://www.loc.gov/MARC21/slim">
<record>
  <leader>00207cam a2200373 i 4500</leader>
  <controlfield tag="001">b12541898</controlfield>
  <controlfield tag="003">LeBAU</controlfield>
  <controlfield tag="005">20190408</controlfield>
  <controlfield tag="008">970728s1924    iq            ||0 p ara d</controlfield>
  <datafield tag="035" ind1=" " ind2=" ">
    <subfield code="a">ocn784397644</subfield>
  </datafield>
  <datafield tag="040" ind1=" " ind2=" ">
    <subfield code="a">LEAUB</subfield>
    <subfield code="b">ara</subfield>
    <subfield code="e">rda</subfield>
    <subfield code="c">LEAUB</subfield>
    <subfield code="d">LEAUB</subfield>
  </datafield>
  <datafield tag="082" ind1="0" ind2="4">
    <subfield code="a">892.71</subfield>
    <subfield code="2">23</subfield>
  </datafield>
  <datafield tag="100" ind1="1" ind2=" ">
    <subfield code="6">880-01</subfield>
    <subfield code="a">Ibn al-Khayyāṭ, Aḥmad ibn Muḥammad,</subfield>
    <subfield code="d">1058 or 1059-1123 or 1124,</subfield>
    <subfield code="e">author.</subfield>
  </datafield>
  <datafield tag="245" ind1="1" ind2="0">
    <subfield code="6">880-02</subfield>
    <subfield code="a">Dīwān Ibn al-Khayyāṭ /</subfield>
    <subfield code="c">Abī ʻAbd Allāh Aḥmad ibn Muḥammad ibn ʻAlī ibn Yaḥyá ibn Ṣadaqah al-Taghlibī al-Dimashqī al-kātib al-mashhūr al-maʻrūf bi-Ibn al-Khayyāṭ al-mutawaffá sanat 517 ʻan sanat 67 ; ʻuniya bi-taṣḥīḥihi wa-tadhyīlihi wa-nashrihi wa-tartībihi ʻalá al-ḥurūf Muḥsin ibn al-marḥūm al-ʻallāmah al-Shaykh Ṣāḥib al-Jawāhir.</subfield>
  </datafield>
  <datafield tag="250" ind1=" " ind2=" ">
    <subfield code="6">880-03</subfield>
    <subfield code="a">al-Ṭabʻah al-ūlá.</subfield>
  </datafield>
  <datafield tag="264" ind1=" " ind2="1">
    <subfield code="6">880-04</subfield>
    <subfield code="a">al-Najaf al-Ashraf :</subfield>
    <subfield code="b">al-Maṭbaʻah al-ʻAlawīyah,</subfield>
    <subfield code="c">1343 [H.], [1924? M.]</subfield>
  </datafield>
  <datafield tag="300" ind1=" " ind2=" ">
    <subfield code="6">880-05</subfield>
    <subfield code="a">8, 236 pages ;</subfield>
    <subfield code="c">23 cm</subfield>
  </datafield>
  <datafield tag="336" ind1=" " ind2=" ">
    <subfield code="a">text</subfield>
    <subfield code="b">txt</subfield>
    <subfield code="2">rdacontent</subfield>
  </datafield>
  <datafield tag="337" ind1=" " ind2=" ">
    <subfield code="a">unmediated</subfield>
    <subfield code="b">n</subfield>
    <subfield code="2">rdamedia</subfield>
  </datafield>
  <datafield tag="338" ind1=" " ind2=" ">
    <subfield code="a">volume</subfield>
    <subfield code="b">nc</subfield>
    <subfield code="2">rdacarrier</subfield>
  </datafield>
  <datafield tag="655" ind1=" " ind2="4">
    <subfield code="a">شعر.</subfield>
  </datafield>
  <datafield tag="655" ind1=" " ind2="0">
    <subfield code="a">Poetry.</subfield>
  </datafield>
  <datafield tag="700" ind1="1" ind2=" ">
    <subfield code="6">880-06</subfield>
    <subfield code="a">Jawāhirī, Muḥsin ibn Sharīf,</subfield>
    <subfield code="d">1878-1936 or 1937,</subfield>
    <subfield code="e">compiler.</subfield>
  </datafield>
  <datafield tag="852" ind1=" " ind2=" ">
    <subfield code="a">Jafet Library</subfield>
    <subfield code="e">American University of Beirut, Bliss Street , Beirut, Lebanon.</subfield>
  </datafield>
  <datafield tag="880" ind1="1" ind2=" ">
    <subfield code="6">100-01/(3/r</subfield>
    <subfield code="a">إبن الخياط، أحمد بن محمد،</subfield>
    <subfield code="d">1058 أو 1059-1123 أو 1124،</subfield>
    <subfield code="e">مؤلف. </subfield>
    <subfield code="4">aut.</subfield>
  </datafield>
  <datafield tag="880" ind1="1" ind2="0">
    <subfield code="6">245-02/(3/r</subfield>
    <subfield code="a">ديوان إبن الخياط /</subfield>
    <subfield code="c">أبي عبد الله أحمد بن محمد بن علي بن يحي إبن صدقة التغلبي الدمشقي الكاتب المشهور المعروف بإبن الخياط المتوفى سنة 517 عن سنة 67 ؛ عني بتصحيحه وتذييله ونشره وترتيبه على الحروف محسن إبن المرحوم العلامة الشيخ صاحب الجواهر.</subfield>
  </datafield>
  <datafield tag="880" ind1=" " ind2=" ">
    <subfield code="6">250-03/(3/r</subfield>
    <subfield code="a">الطبعة الأولى.</subfield>
  </datafield>
  <datafield tag="880" ind1=" " ind2="1">
    <subfield code="6">264-04/(3/r</subfield>
    <subfield code="a">النجف الأشرف :</subfield>
    <subfield code="b">المطبعة العلوية،</subfield>
    <subfield code="c">1343 [هـ.]، [1924؟ م.]</subfield>
  </datafield>
  <datafield tag="880" ind1=" " ind2=" ">
    <subfield code="6">300-05/(3/r</subfield>
    <subfield code="a">8، 236 صفحة ؛</subfield>
    <subfield code="c">23 سم</subfield>
  </datafield>
  <datafield tag="880" ind1="1" ind2=" ">
    <subfield code="6">700-06/(3/r</subfield>
    <subfield code="a">الجواهري، محسن ابن شريف،</subfield>
    <subfield code="d">1878-1936 او 1937،</subfield>
    <subfield code="e">معد. </subfield>
    <subfield code="4">com.</subfield>
  </datafield>
  <datafield tag="907" ind1=" " ind2=" ">
    <subfield code="a">.b12541898</subfield>
    <subfield code="b">19-04-09</subfield>
    <subfield code="c">11-05-24</subfield>
  </datafield>
  <datafield tag="907" ind1=" " ind2=" ">
    <subfield code="a">.b12541898</subfield>
    <subfield code="b">11-10-21</subfield>
    <subfield code="c">11-05-24</subfield>
  </datafield>
  <datafield tag="945" ind1=" " ind2=" ">
    <subfield code="f">J</subfield>
    <subfield code="a">892.71:I1342dA</subfield>
    <subfield code="i">01034534</subfield>
    <subfield code="j">.i13046664</subfield>
    <subfield code="l">u0503</subfield>
  </datafield>
  <datafield tag="998" ind1=" " ind2=" ">
    <subfield code="a">u05</subfield>
    <subfield code="b">97-07-28</subfield>
    <subfield code="c">m</subfield>
    <subfield code="d">a  </subfield>
    <subfield code="e">-</subfield>
    <subfield code="f">ara</subfield>
    <subfield code="g">iq </subfield>
    <subfield code="h">0</subfield>
    <subfield code="i">1</subfield>
  </datafield>
</record>
</collection>
